<?xml version="1.0" encoding="UTF-8"?><collection xmlns="http://www.loc.gov/MARC21/slim"><record><leader>00407nam--2200133-i-4500</leader><controlfield tag="001">000037126</controlfield><controlfield tag="002">20161230</controlfield><controlfield tag="005">20161230201041</controlfield><controlfield tag="008">060222s1000------------r-----000-0-eng-d</controlfield><datafield ind1=" " ind2=" " tag="080"><subfield code="a">537.611.4:537.622</subfield></datafield><datafield ind1=" " ind2=" " tag="245"><subfield code="a">Probleme de ferimagnetism si antiferomagnetism. trad.din l.sovietica de specialitate</subfield></datafield><datafield ind1=" " ind2=" " tag="260"><subfield code="a">Bucuresti, I.S..R.S., 1963, 180p</subfield></datafield><datafield ind1=" " ind2=" " tag="490"><subfield code="a">Biblioteca Analelor Rom.-sov.Tehnica</subfield></datafield><datafield ind1=" " ind2=" " tag="852"><subfield code="a">9124</subfield></datafield></record></collection>